<record><leader>00000cas a22000007a 4500</leader><controlfield tag="001">22723539</controlfield><controlfield tag="008">901121c19909999mnuwr ne      0    0eng d</controlfield><datafield ind1=" " ind2=" " tag="010"><subfield code="a">sn 90060683 </subfield></datafield><datafield ind1=" " ind2=" " tag="040"><subfield code="a">MN#</subfield><subfield code="b">eng</subfield><subfield code="c">MN#</subfield><subfield code="d">OCLCQ</subfield><subfield code="d">OCLCO</subfield></datafield><datafield ind1="1" ind2=" " tag="029"><subfield code="a">AU@</subfield><subfield code="b">000025909467</subfield></datafield><datafield ind1=" " ind2=" " tag="042"><subfield code="a">msc</subfield></datafield><datafield ind1=" " ind2=" " tag="043"><subfield code="a">n-us-mn</subfield></datafield><datafield ind1=" " ind2=" " tag="052"><subfield code="a">4144</subfield><subfield code="b">C54</subfield><subfield code="b">G8</subfield></datafield><datafield ind1=" " ind2=" " tag="052"><subfield code="a">4143</subfield><subfield code="b">Y4</subfield></datafield><datafield ind1="0" ind2="0" tag="245"><subfield code="a">Granite Falls-Clarkfield advocate tribune.</subfield></datafield><datafield ind1=" " ind2=" " tag="260"><subfield code="a">Granite Falls, MN :</subfield><subfield code="b">Granite Falls Pub. Co.,</subfield><subfield code="c">1990-</subfield></datafield><datafield ind1=" " ind2=" " tag="300"><subfield code="a">v.</subfield></datafield><datafield ind1=" " ind2=" " tag="310"><subfield code="a">Weekly</subfield></datafield><datafield ind1="0" ind2=" " tag="362"><subfield code="a">Vol. 108, issue 31 (Aug. 1, 1990)-</subfield></datafield><datafield ind1=" " ind2=" " tag="530"><subfield code="a">Available on microfilm from the Minnesota Historical Society.</subfield></datafield><datafield ind1=" " ind2="0" tag="651"><subfield code="a">Clarkfield (Minn.)</subfield><subfield code="v">Newspapers.</subfield></datafield><datafield ind1=" " ind2="0" tag="651"><subfield code="a">Granite Falls (Minn.)</subfield><subfield code="v">Newspapers.</subfield></datafield><datafield ind1=" " ind2=" " tag="752"><subfield code="a">United States</subfield><subfield code="b">Minnesota</subfield><subfield code="c">Yellow Medicine</subfield><subfield code="d">Clarkfield.</subfield></datafield><datafield ind1=" " ind2=" " tag="752"><subfield code="a">United States</subfield><subfield code="b">Minnesota</subfield><subfield code="c">Yellow Medicine</subfield><subfield code="d">Granite Falls.</subfield></datafield><datafield ind1="0" ind2="4" tag="780"><subfield code="t">Tri-County advocate (Clarkfield, Minn. : Clarkfield ed.)</subfield><subfield code="w">(DLC)sn 90060680</subfield></datafield><datafield ind1="0" ind2="4" tag="780"><subfield code="t">Granite Falls tribune (Granite Falls, Minn. : 1948)</subfield><subfield code="w">(DLC)sn 89064007</subfield></datafield></record>